@book{mnd1,
    author = {проф.др. Марија Т. Нефовска-Даниловић},
    title = {Белешке са предавања},
    publisher = "Graђевински факултет Београд",
    year="2020"
    }
@book{eo1,
    author = {Eugenio Oñate},
    title = {Structural Analysis with the Finite Element Method},
    subtitle = {Volume 1. Basis and Solids},
    publisher = "Springer",
    year="2009"
    }
@book{otpornost,
    author = {Биљана Деретић-Стојановић и Шериф Дуница},
    title = {Отпорност Материјала},
    publisher = "Грађевински факултет",
    year="2014"
    }
  @online{sympy,
    author = {SymPy development team and сардници},
    title = {SymPy},
    url  = {https://www.sympy.org/en/index.html},
    year = {2007},
    }
  @online{numpy,
    author = {Travis Oliphant and сарадници},
    title = {NumPy},
    url  = {https://numpy.org/},
    year = {2006},
    }
  @online{pandas,
    author = {Wes McKinney and сарадници},
    title = {pandas},
    url  = {https://pandas.pydata.org/},
    year = {2008},
    }
  @online{matplotlib,
    author = {John D. Hunter and сарадници},
    title = {matplotlib},
    url  = {https://matplotlib.org/},
    year = {2003},
    }
